@article{Dwork2006,
author = {Dwork, Cynthia and McSherry, F and Nissim, Kobbi and Smith, Adam},
file = {:Users/ahuynh/Documents/Mendeley Desktop/Dwork et al/Theory of Cryptography/Dwork et al. - 2006 - Calibrating noise to sensitivity in private data analysis.pdf:pdf},
journal = {Theory of Cryptography},
pages = {1--20},
title = {{Calibrating noise to sensitivity in private data analysis}},
url = {http://link.springer.com/chapter/10.1007/11681878\_14},
year = {2006}
}
