@online{GoogleTraffic,
 author={Google Inc.},
 title= {The bright side of sitting in traffic: Crowdsourcing road congestion data},
 year=2009,
 url={http://googleblog.blogspot.com/2009/08/bright-side-of-sitting-in-traffic.html},
 urldate={2009-08-25}
}
