@article{Frahm2010,
author = {Frahm, JM and Fite-Georgel, P and Gallup, D},
doi = {10.1002/jhbs.21617},
file = {:Users/ahuynh/Documents/Mendeley Desktop/Frahm, Fite-Georgel, Gallup/Computer Vision–ECCV 2010/Frahm, Fite-Georgel, Gallup - 2010 - Building Rome on a cloudless day.pdf:pdf},
issn = {1520-6696},
journal = {Computer Vision–ECCV 2010},
month = jun,
number = {3},
pages = {352},
pmid = {23818267},
title = {{Building Rome on a cloudless day}},
url = {http://www.ncbi.nlm.nih.gov/pubmed/23818267 http://link.springer.com/chapter/10.1007/978-3-642-15561-1\_27},
volume = {49},
year = {2010}
}
@article{Karp2004,
author = {Karp, Cary},
file = {:Users/ahuynh/Documents/Mendeley Desktop/Karp/Museum international/Karp - 2004 - Digital heritage in digital museums.pdf:pdf},
journal = {Museum international},
number = {221},
pages = {45--51},
title = {{Digital heritage in digital museums}},
url = {http://onlinelibrary.wiley.com/doi/10.1111/j.1350-0775.2004.00457.x/abstract},
volume = {56},
year = {2004}
}
@article{Srinivasan2009,
author = {Srinivasan, Ramesh and Boast, Robin},
file = {:Users/ahuynh/Documents/Mendeley Desktop/Srinivasan, Boast/The Information Society/Srinivasan, Boast - 2009 - Digital museums and diverse cultural knowledges Moving past the traditional catalog.pdf:pdf},
journal = {The Information Society},
number = {25.4},
pages = {265--278},
title = {{Digital museums and diverse cultural knowledges: Moving past the traditional catalog}},
url = {http://www.tandfonline.com/doi/full/10.1080/01972240903028714},
year = {2009}
}
@book{Zorich2003,
author = {Zorich, D},
file = {:Users/ahuynh/Documents/Mendeley Desktop/Zorich/Unknown/Zorich - 2003 - A survey of digital cultural heritage initiatives and their sustainability concerns.pdf:pdf},
isbn = {1932326022},
number = {June},
title = {{A survey of digital cultural heritage initiatives and their sustainability concerns}},
url = {http://www.sinica.edu.tw/~ndaplib/service/ebook/pub118.pdf},
year = {2003}
}
@article{Proctor2010,
author = {Proctor, Nancy},
file = {:Users/ahuynh/Documents/Mendeley Desktop/Proctor/Curator The Museum Journal/Proctor - 2010 - Digital Museum as Platform, Curator as Champion, in the Age of Social Media.pdf:pdf},
journal = {Curator: The Museum Journal},
number = {1},
pages = {35--43},
title = {{Digital: Museum as Platform, Curator as Champion, in the Age of Social Media}},
volume = {53},
year = {2010}
}
@article{Chrons2011,
author = {Chrons, Otto and Sundell, Sami},
file = {:Users/ahuynh/Documents/Mendeley Desktop/Chrons, Sundell/Proceedings of the ACM SIGKDD Workshop on Human Computation/Chrons, Sundell - 2011 - Digitalkoot Making Old Archives Accessible Using Crowdsourcing.pdf:pdf},
journal = {Proceedings of the ACM SIGKDD Workshop on Human Computation},
keywords = {AAAI Technical Report WS-11-11},
pages = {20--25},
title = {{Digitalkoot : Making Old Archives Accessible Using Crowdsourcing}},
year = {2011}
}
@article{Holley2010,
author = {Holley, Rose},
file = {:Users/ahuynh/Documents/Mendeley Desktop/Holley/D-Lib Magazine/Holley - 2010 - Crowdsourcing How and why should libraries do it.pdf:pdf},
journal = {D-Lib Magazine},
keywords = {0,citizen science,crowdsourcing,digital libraries,digital volunteers,social engagement,text correction,virtual,volunteering,web 2,wisdom of crowds},
number = {April},
pages = {1--21},
title = {{Crowdsourcing : How and why should libraries do it ?}},
volume = {16},
year = {2010}
}
@article{Owens2013,
author = {Owens, Trevor},
doi = {10.1111/cura.12012},
file = {:Users/ahuynh/Documents/Mendeley Desktop/Owens/Curator The Museum Journal/Owens - 2013 - Digital Cultural Heritage and the Crowd.pdf:pdf},
issn = {00113069},
journal = {Curator: The Museum Journal},
month = jan,
number = {1},
pages = {121--130},
title = {{Digital Cultural Heritage and the Crowd}},
url = {http://doi.wiley.com/10.1111/cura.12012},
volume = {56},
year = {2013}
}
@inproceedings{Crane2002,
author = {Crane, Gregory},
booktitle = {Research and Advanced Technology for Digital Libraries},
file = {:Users/ahuynh/Documents/Mendeley Desktop/Crane/Research and Advanced Technology for Digital Libraries/Crane - 2002 - Cultural heritage digital libraries Needs and components.pdf:pdf},
pages = {626--637},
title = {{Cultural heritage digital libraries: Needs and components}},
url = {http://link.springer.com/chapter/10.1007/3-540-45747-X\_47},
year = {2002}
}
@article{Agarwal2009,
author = {Agarwal, Sameer and Snavely, Noah and Simon, Ian and Seitz, Steven M and Szeliski, Richard},
doi = {10.1109/ICCV.2009.5459148},
file = {:Users/ahuynh/Documents/Mendeley Desktop/Agarwal et al/2009 IEEE 12th International Conference on Computer Vision/Agarwal et al. - 2009 - Building Rome in a day.pdf:pdf},
isbn = {978-1-4244-4420-5},
journal = {2009 IEEE 12th International Conference on Computer Vision},
month = sep,
number = {Iccv},
pages = {72--79},
publisher = {Ieee},
title = {{Building Rome in a day}},
url = {http://ieeexplore.ieee.org/lpdocs/epic03/wrapper.htm?arnumber=5459148},
year = {2009}
}
@article{Oomen2011,
author = {Oomen, Johan and Aroyo, Lora},
file = {:Users/ahuynh/Documents/Mendeley Desktop/Oomen, Aroyo/Proceedings of the 5th International Conference on Communities and Technologies/Oomen, Aroyo - 2011 - Crowdsourcing in the cultural heritage domain opportunities and challenges.pdf:pdf},
isbn = {9781450308243},
journal = {Proceedings of the 5th International Conference on Communities and Technologies},
keywords = {crowdsourcing,heritage,lifecycle,metadata,tagging},
number = {July},
pages = {138--149},
title = {{Crowdsourcing in the cultural heritage domain: opportunities and challenges}},
url = {http://dl.acm.org/citation.cfm?id=2103373},
year = {2011}
}
